%%***( Bibliograf√≠a )***************************************************************

@misc{ACM_citation_sty,
author ={{Association for Computing Machinery}},
title = {\href{https://www.acm.org/publications/authors/bibtex-formatting}{ACM BibTeX Formatting}}
}

@misc{overleaf:01,
author = {Overleaf},
title = {\href{https://www.overleaf.com/learn/latex/Learn_LaTeX_in_30_minutes}{Learn \LaTeX\ in 30 minutes}}
}

@misc{overleaf:02,
author = {Overleaf},
title = {\href{https://www.overleaf.com/learn}{Documentation}},
}

@misc{overleaf:03,
author = {Overleaf},
title = {\href{https://www.overleaf.com/learn/how-to/Uploading_a_project}{Uploading a project}}
}

@article{Dustdar-Picco2020,
 author={Schahram Dustdar and Gian Pietro Picco},
 journal={ACM Transactions on Internet of Things},
 title="{ACM Transactions on Internet of Things: Inaugural Issue Editorial}",
  volume={1},
  number={1},
  pages={1-2},
  year={2020},
  doi={10.1145/3379599}
}
@article{Stankovic2014,
    author  = {Stankovic, John A.},
    title   = "{Research Directions for the Internet of Things}", 
    journal = {IEEE Internet of Things Journal}, 
    volume  = {1},
    number  = {1},
    year    = {2014},
    pages   = {3-9},
    doi     = {10.1109/JIOT.2014.2312291}
}

@article{Buyya2013,
    author={Buyya, Rajkumar},
    journal={IEEE Transactions on Cloud Computing},
    title="{Introduction to the IEEE Transactions on Cloud Computing}",
    volume={1},
    number={1},
    pages={3-21},
    year={2013},
    doi={10.1109/TCC.2013.13}
}

@article{Gupta2009,
  author={Gupta, Rajesh K.},
  journal={IEEE Embedded Systems Letters}, 
  title="{From the Editor-In-Chief: Welcome to IEEE Embedded Systems Letters}", 
  volume={1},
  number={1},
  pages={1-8},
  year={2009},
  doi={10.1109/LES.2009.2028912}
}
